@comment{This file has been generated by Pybliographer}


@InProceedings{Zaiane2001,
  Author         = {R. Zaiane, Osmar},
  Title          = {Web {U}sage {M}ining for a {B}etter {W}eb-{B}ased
                   {L}earning {E}nvironment},
  BookTitle      = {Proceedings of {C}onference on {A}dvanced {T}echnology
                   for {E}ducation},
  year           = 2001
}

@InProceedings{Ullmann2011,
  Author         = {Ullmann, Thomas Daniel and Ferguson, Rebecca and
                   Buckingham Shum, Simon and Crick, Ruth Deakin},
  Title          = {Designing an {O}nline {M}entoring {S}ystem for
                   {S}elf-{A}wareness and {R}eflection on {L}ifelong
                   {L}earning {S}kills},
  BookTitle      = {Proceedings of the {PLE} {C}onference 2011},
  year           = 2011
}

@Article{Weber2001,
  Author         = {Weber, Gerhard and Brusilovsky, Peter},
  Title          = {E{LM}-{ART}: {A}n {A}daptive {V}ersatile {S}ystem for
                   {W}eb-based {I}nstruction},
  Journal        = {International Journal of Artificial Intelligence in
                   Education},
  year           = 2001
}

@Book{Goldstein2005,
  Author         = {Goldstein, P. J. and Katz, R. N.},
  Title          = {Academic {A}nalytics: {T}he {U}se of {M}anagement
                   {I}nformation and {T}echnology in {H}igher {E}ducation},
  Volume         = {8},
  Series         = {ECAR Research Study},
  year           = 2005
}

@Article{Hwang2004,
  Author         = {Hwang, Wu-Yuin and Changb, Chen-Bin and Chen, Gan-Jung},
  Title          = {The relationship of learning traits, motivation and
                   performance-learning response dynamics},
  Journal        = {Computers \& Education},
  year           = 2004
}

@Article{Greller2012,
  Author         = {Greller, Wolfgang and Drachsler, Hendrik},
  Title          = {Translating {L}earning into {N}umbers: {A} {G}eneric
                   {F}ramework for {L}earning {A}nalytics},
  Journal        = {Educational Technology \& Society},
  Volume         = {15},
  Number         = {3},
  year           = 2012
}

@InProceedings{Pahl2003,
  Author         = {Pahl, Claus and Donnellan, Dave},
  Title          = {Data {M}ining {T}echnology for the {E}valuation of
                   {W}eb-based {T}eaching and {L}earning {S}ystems},
  BookTitle      = {E-{L}earn 2002 {W}orld {C}onference on {E}-{L}earning
                   in {C}orporate, {G}overnment, {H}ealthcare, \& {H}igher
                   {E}ducation. {P}roceedings},
  year           = 2003
}

@Article{Romero2007,
  Author         = {Romero, C. and Ventura, S.},
  Title          = {Educational data mining: {A} survey from 1995 to 2005},
  Journal        = {Expert Systems with Applications: An International
                   Journal},
  year           = 2007
}

@Article{Brusilovsky2003,
  Author         = {Brusilovsky, Peter and Peylo, Christoph},
  Title          = {Adaptive and {I}ntelligent {W}eb-based {E}ducational
                   {S}ystems},
  Journal        = {International Journal of Artificial Intelligence in
                   Education},
  Volume         = {13},
  Number         = {2-4},
  Pages          = {159-172},
  year           = 2003
}

@Article{Ferguson2012a,
  Author         = {Ferguson, Rebecca},
  Title          = {Learning analytics: drivers, developments and
                   challenges},
  Journal        = {International Journal of Technology Enhanced Learning},
  Volume         = {4},
  Number         = {5/6},
  Pages          = {304--317},
  publisher      = {Inderscience Publishers},
  year           = 2012
}

@Article{Tang2005,
  Author         = {Tang, Tiffany Ya and McCalla, Gordon},
  Title          = {Smart {R}ecommendation for an {E}volving
                   {E}-{L}earning {S}ystem},
  Journal        = {International Journal on E-Learning},
  year           = 2005
}

@InProceedings{Zorrilla2005,
  Author         = {Zorrilla, M.E. and Menasalvas, E. and Mar\'{\i}n, D.
                   and Mora, E. and {J. Segovia}},
  Title          = {Web {U}sage {M}ining {P}roject for {I}mproving
                   {W}eb-{B}ased {L}earning {S}ites},
  BookTitle      = {Proceedings of the 10th international conference on
                   {C}omputer {A}ided {S}ystems {T}heory},
  journal        = {Proceedings of the 10th international conference on
                   Computer Aided Systems Theory},
  year           = 2005
}

@Misc{lak2011,
  Author         = {Siemens, George and Long, Phillip},
  Title          = {The 1st {I}nternational {C}onference on {L}earning
                   {A}nalytics and {K}nowledge},
  HowPublished   = {https://tekri.athabascau.ca/analytics/},
  year           = 2011
}

@Article{Henze2001,
  Author         = {Henze, N. and Nejdl, W.},
  Title          = {Adaptation in {O}pen {C}orpus {H}ypermedia},
  Journal        = {International Journal of Artificial Intelligence in
                   Education},
  year           = 2001
}

@Article{Baepler2010,
  Author         = {Baepler, Paul and Murdoch, Cynthia James},
  Title          = {Academic analytics and data mining in higher education},
  Journal        = {International Journal for the Scholarship of Teaching
                   and Learning},
  Volume         = {4},
  Number         = {2},
  Note           = {The emerging fields of academic analytics and
                   educational data mining are rapidly producing new
                   possibilities for gathering, analyzing, and presenting
                   student data. Faculty might soon be able to use these
                   new data sources as guides for course redesign and as
                   evidence for implementing new assessments and lines of
                   communication between instructors and students. This
                   essay links the concepts of academic analytics, data
                   mining in higher education, and course management
                   system audits and suggests how these techniques and the
                   data they produce might be useful to those who practice
                   the scholarship of teaching and learning.},
  year           = 2010
}

@InProceedings{DeLiddo2011,
  Author         = {De Liddo, A. and Buckingham Shum, S. and Quinto, I.
                   and Bachler, M. and Cannavacciuolo, L.},
  Title          = {Discourse-centric learning analytics},
  BookTitle      = {Proceedings of the 1st {I}nternational {C}onference on
                   {L}earning {A}nalytics and {K}nowledge},
  year           = 2011
}

@Article{Sheard2003,
  Author         = {Sheard, Judy and Ceddia, Jason and Hurst, John and
                   Tuovinen, Juhani},
  Title          = {Inferring {S}tudent {L}earning {B}ehaviour from
                   {W}ebsite {I}nteractions: {A} {U}sage {A}nalysis},
  Journal        = {Journal of Education and Information Technologies},
  Volume         = {8},
  Number         = {3},
  Pages          = {245-266},
  year           = 2003
}

@InProceedings{Mazza2004,
  Author         = {Mazza, Riccardo and Dimitrova, Vania},
  Title          = {Visualising student tracking data to support
                   instructors in web-based distance education},
  BookTitle      = {Proceedings of the 13th international World Wide Web
                   conference on Alternate track papers \& posters},
  Series         = {WWW Alt. '04},
  Pages          = {154--161},
  Address        = {New York, NY, USA},
  Publisher      = {ACM},
  year           = 2004
}

@Article{Brusilovsky2007,
  Author         = {Brusilovsky, Peter and Henze, Nicola},
  Title          = {Open corpus adaptive educational hypermedia},
  Journal        = {The adaptive web},
  Pages          = {671--696},
  publisher      = {Springer},
  year           = 2007
}

@InProceedings{Bouchet2012,
  Author         = {Bouchet, Francois and Azevedo, Roger and Kinnebrew,
                   John S. and Biswas, Gautam},
  Title          = {Identifying {S}tudents' {C}haracteristic {L}earning
                   {B}ehaviors in an {I}ntelligent {T}utoring {S}ystem
                   {F}ostering {S}elf-{R}egulated {L}earning},
  BookTitle      = {Proceedings of the 5th {I}nternational {C}onference on
                   {E}ducational {D}ata {M}ining},
  year           = 2012
}

@InCollection{Arnold2010,
  Author         = {Arnold, K.},
  Title          = {Signals: {A}pplying {A}cademic {A}nalytics},
  BookTitle      = {E{DUCAUSE} {Q}uarterly},
  Volume         = {33},
  year           = 2010
}

@InProceedings{Goldin2012,
  Author         = {Goldin, Ilya M. and Koedinger, Kenneth R. and Aleven,
                   Vincent},
  Title          = {Learner {D}ifferences in {H}int {P}rocessing},
  BookTitle      = {Proceedings of the 5th {I}nternational {C}onference on
                   {E}ducational {D}ata {M}ining ({EDM})},
  year           = 2012
}

@InProceedings{Modritscher2011,
  Author         = {Modritscher, Felix and Krumay, Barbara and El Helou,
                   Sandy and Gillet, Denis and Govaerts, Sten and Duval,
                   Erik and Nussbaumer, Alexander and Albert, Dietrich and
                   Dahn, Ingo and Ullrich, Carsten},
  Title          = {May {I} suggest? {T}hree {PLE} recommender strategies
                   in comparison},
  BookTitle      = {Proceedings of the {PLE} {C}onference 2011},
  year           = 2011
}

@InProceedings{Muehlenbrock2005,
  Author         = {Muehlenbrock, Martin},
  Title          = {Automatic {A}ction {A}nalysis in an {I}nteractive
                   {L}earning {E}nvironment},
  BookTitle      = {Proceedings of the workshop on {U}sage {A}nalysis in
                   {L}earning {S}ystems at {AIED}-2005},
  year           = 2005
}

@InProceedings{Haiming2012,
  Author         = {Liu, Haiming and Macintyre, Ronald and Ferguson,
                   Rebecca},
  Title          = {Exploring qualitative analytics for e-mentoring
                   relationships building in an online social learning
                   environment},
  BookTitle      = {Proceedings of the 2nd {I}nternational {C}onference on
                   {L}earning {A}nalytics and {K}nowledge},
  year           = 2012
}

@InProceedings{Farzan2004,
  Author         = {Farzan, Rosta},
  Title          = {Adaptive {S}ocio-{R}ecommender {S}ystem for {O}pen
                   {C}orpus {E}-{L}earning},
  BookTitle      = {Third {I}nternational {C}onference on {A}daptive
                   {H}ypermedia and {A}daptive {W}eb-based {S}ystems},
  journal        = {Third International Conference on Adaptive Hypermedia
                   and Adaptive Web-based Systems},
  year           = 2004
}

@InProceedings{Vatrapu2011b,
  Author         = {Vatrapu, Ravi},
  Title          = {Cultural {C}onsiderations in {L}earning {A}nalytics},
  BookTitle      = {Proceedings of the 1st {I}nternational {C}onference on
                   {L}earning {A}nalytics and {K}nowledge},
  year           = 2011
}

@InProceedings{Blikstein2011,
  Author         = {Blikstein, Paulo},
  Title          = {Using learning analytics to assess students' behavior
                   in open-ended programming tasks},
  BookTitle      = {Proceedings of the 1st {I}nternational {C}onference on
                   {L}earning {A}nalytics and {K}nowledge},
  year           = 2011
}

@TechReport{Horizon2012,
  Author         = {Johnson, L. and Adams, S. and Cummins, M.},
  Title          = {NMC Horizon Report: 2012 Higher Education Edition},
  Institution    = {The New Media Consortium, Austin, Texas Trendreport},
  year           = 2012
}

@InProceedings{Zhang2007,
  Author         = {Zhang, Hangjin and Almeroth, Kevin and Knight, Allan
                   and Bulger, Monica and Mayer, Richard},
  Title          = {Moodog: {T}racking students' {O}nline {L}earning
                   {A}ctivities},
  BookTitle      = {Proceedings of {W}orld {C}onference on {E}ducational
                   {M}ultimedia, {H}ypermedia and {T}elecommunications},
  Editor         = {{Craig Montgomerie} and {Jane Seale}},
  Pages          = {4415-4422},
  Publisher      = {AACE},
  year           = 2007
}

@Article{Shum2012,
  Author         = {Buckingham Shum, Simon and Ferguson, Rebecca},
  Title          = {Social {L}earning {A}nalytics},
  Journal        = {Journal of Educational Technology and Society},
  Volume         = {15},
  Number         = {3},
  Pages          = {3-26},
  year           = 2012
}

@Article{Baker2009,
  Author         = {Baker, Ryan S.J.D. and Yacef, Kalina},
  Title          = {The {S}tate of {E}ducational {D}ata {M}ining in 2009:
                   {A} {R}eview and {F}uture {V}isions},
  Journal        = {Journal of Educational Data Mining},
  year           = 2009
}

@InProceedings{Kort2001,
  Author         = {Kort, Barry and Reilly, Rob and Picard, Rosalind W.},
  Title          = {An {A}ffective {M}odel of {I}nterplay {B}etween
                   {E}motions and {L}earning: {R}eengineering
                   {E}ducational {P}edagogy-{B}uilding a {L}earning
                   {C}ompanion},
  BookTitle      = {International {C}onference on {A}dvanced {L}earning
                   {T}echnologies},
  year           = 2001
}

@InProceedings{Li2004,
  Author         = {Li, Jia and Zaiane, Osmar R.},
  Title          = {Combining {U}sage, {C}ontent, and {S}tructure {D}ata
                   to {I}mprove {W}eb {S}ite {R}ecommendation},
  BookTitle      = {Proceedings of the 5th {I}nternational {C}onference on
                   {E}lectronic {C}ommerce and {W}eb {T}echnology},
  journal        = {Proceedings of the 5th International Conference on
                   Electronic Commerce and Web Technology},
  year           = 2004
}

@InProceedings{Gonzales2012,
  Author         = {Gonzalez-Brenes, Jose P. and Mostow, Jack},
  Title          = {Dynamic {C}ognitive {T}racing: {T}owards {U}nified
                   {D}iscovery of {S}tudent and {C}ognitive {M}odels},
  BookTitle      = {Proceedings of the 5th {I}nternational {C}onference on
                   {E}ducational {D}ata {M}ining ({EDM})},
  year           = 2012
}

@InProceedings{Fournier2011,
  Author         = {Fournier, Helene and Kop, Rita and Sitlia, Hanan},
  Title          = {The {V}alue of {L}earning {A}nalytics to {N}etworked
                   {L}earning on a {P}ersonal {L}earning {E}nvironment},
  BookTitle      = {Proceedings of the 1st {I}nternational {C}onference on
                   {L}earning {A}nalytics and {K}nowledge},
  year           = 2011
}

@Article{Dawson2010,
  Author         = {Dawson, Shane},
  Title          = {'{S}eeing' the learning community: {A}n exploration of
                   the development of a resource for monitoring online
                   student networking},
  Journal        = {British Journal of Educational Technology},
  Volume         = {4},
  Number         = {15},
  Pages          = {736-752},
  year           = 2010
}

@TechReport{Campbell2007,
  Author         = {Campbell, John P. and Oblinger, Diana G.},
  Title          = {Academic {A}nalytics},
  Institution    = {Educause},
  year           = 2007
}

@Book{VanDijk2012,
  Author         = {Van Dijk, Jan},
  Title          = {The network society},
  Publisher      = {Sage Publications Limited},
  year           = 2012
}

@Article{Reategui2008,
  Author         = "E. Reategui and E. Boff and J.A. Campbell",
  Title          = "Personalization in an interactive learning environment
                   through a virtual character ",
  Journal        = "Computers \& Education ",
  Volume         = "51",
  Number         = "2",
  Pages          = "530 - 544",
  year           = 2008
}

@InProceedings{Ferguson2012b,
  Author         = {Ferguson, Rebecca},
  Title          = {Social {L}earning {A}nalytics: {F}ive {A}pproaches},
  BookTitle      = {Proceedings of the 2nd {I}nternational {C}onference on
                   {L}earning {A}nalytics and {K}nowledge},
  year           = 2012
}

@Article{Davis2012,
  Author         = {Davis, Brent and Sumara, Dennis},
  Title          = {Fitting Teacher Education in/to/for an Increasingly
                   Complex World},
  Journal        = {Complicity: An International Journal of Complexity and
                   Education},
  Volume         = {9},
  Number         = {1},
  year           = 2012
}

@InProceedings{Vatrapu2011a,
  Author         = {Vatrapu, Ravi and Teplovs, Chris and Fujita, Nobuko
                   and Bull, Susan},
  Title          = {Towards {V}isual {A}nalytics for {T}eachers' {D}ynamic
                   {D}iagnostic {P}edagogical {D}ecision-{M}aking},
  BookTitle      = {Proceedings of the 1st {I}nternational {C}onference on
                   {L}earning {A}nalytics and {K}nowledge},
  year           = 2011
}

@InProceedings{Lee2012,
  Author         = {Lee, Jung In and Brunskill, Emma},
  Title          = {The {I}mpact on {I}ndividualizing {S}tudent {M}odels
                   on {N}ecessary {P}ractice {O}pportunities},
  BookTitle      = {Proceedings of the 5th {I}nternational {C}onference on
                   {E}ducational {D}ata {M}ining ({EDM})},
  year           = 2012
}

@Article{Brusilovsky2001,
  Author         = {Brusilovsky, Peter},
  Title          = {Adaptive hypermedia},
  Journal        = {User modeling and user-adapted interaction},
  Volume         = {11},
  Number         = {1-2},
  Pages          = {87--110},
  publisher      = {Springer},
  year           = 2001
}

@Article{Johnson2000,
  Author         = {Johnson, Scott D. and Aragon, Steven R. and Shaik,
                   Najmuddin and Palma-Rivas, Nilda},
  Title          = {Comparative {A}nalysis of {L}earner {S}atisfaction and
                   {L}earning {O}utcomes in {O}nline and {F}ace-to-{F}ace
                   {L}earning {E}nvironments},
  Journal        = {Journal of Interactive Learning Research},
  year           = 2000
}

@Book{Castells2011,
  Author         = {Castells, Manuel},
  Title          = {The rise of the network society: The information age:
                   Economy, society, and culture},
  Publisher      = {Wiley-Blackwell},
  Volume         = {1},
  year           = 2011
}

@Article{Sheehy2008,
  Author         = {Sheehy, K. and Ferguson, R. and Clough, G.},
  Title          = {Learning and {T}eaching in the {P}anopticon: {E}thical
                   and {S}ocial {I}ssues in {C}reating a {V}irtual
                   {E}ducational {E}nvironment},
  Journal        = {International Journal of Human and Social Sciences},
  year           = 2008
}

@Article{Chatti2012,
  Author         = {Chatti, Mohamed Amine and Dyckhoff, Anna Lea and
                   Schroeder, Ulrik and Th\"{u}s, Hendrik},
  Title          = {A reference model for learning analytics},
  Journal        = {Int. J. Technol. Enhanc. Learn.},
  Volume         = {4},
  Number         = {5/6},
  Pages          = {318--331},
  publisher      = {Inderscience Publishers},
  year           = 2012
}

