@techreport{Horizon2012,
  added-at = {2012-04-21T22:31:02.000+0200},
  author = {Johnson, L. and Adams, S. and Cummins, M.},
  biburl = {http://www.bibsonomy.org/bibtex/2cc8cda39685e5690c684c1ce35b1856f/griesbau},
  institution = {The New Media Consortium, Austin, Texas Trendreport},
  interhash = {86f976b79387b09ceead9395718af95f},
  intrahash = {cc8cda39685e5690c684c1ce35b1856f},
  keywords = {Wissensmanagement e-learning mobile},
  timestamp = {2012-04-21T22:31:02.000+0200},
  title = {NMC Horizon Report: 2012 Higher Education Edition},
  url = {http://www.weiterbildungsblog.de/2012/02/16/nmc-horizon-report-2012-higher-education-edition/},
  year = 2012
}
